@article{steinke2020parallel,
  title={Parallel model-based and model-free reinforcement learning for card sorting performance},
  author={Steinke, Alexander and Lange, Florian and Kopp, Bruno},
  journal={Scientific reports},
  volume={10},
  number={1},
  pages={15464},
  year={2020},
  publisher={Nature Publishing Group UK London}
}

@article{pedersen2020simultaneous,
  title={Simultaneous hierarchical bayesian parameter estimation for reinforcement learning and drift diffusion models: a tutorial and links to neural data},
  author={Pedersen, Mads L and Frank, Michael J},
  journal={Computational Brain \& Behavior},
  volume={3},
  number={4},
  pages={458--471},
  year={2020},
  publisher={Springer}
}

@article{schmitz2012decomposing,
  title={Decomposing task-switching costs with the diffusion model.},
  author={Schmitz, Florian and Voss, Andreas},
  journal={Journal of Experimental Psychology: Human Perception and Performance},
  volume={38},
  number={1},
  pages={222--250},
  year={2012},
  publisher={American Psychological Association}
}

@Manual{R-base,
  title = {R: A Language and Environment for Statistical Computing},
  author = {{R Core Team}},
  organization = {R Foundation for Statistical Computing},
  address = {Vienna, Austria},
  year = {2023},
  url = {https://www.R-project.org/},
}
@Manual{R-papaja,
  title = {{papaja}: {Prepare} reproducible {APA} journal articles with {R Markdown}},
  author = {Frederik Aust and Marius Barth},
  year = {2023},
  note = {R package version 0.1.2.9000},
  url = {https://github.com/crsh/papaja},
}
@Manual{R-tinylabels,
  title = {{tinylabels}: Lightweight Variable Labels},
  author = {Marius Barth},
  year = {2023},
  note = {R package version 0.2.4},
  url = {https://cran.r-project.org/package=tinylabels},
}
